<?xml version="1.0" encoding="UTF-8"?><collection xmlns="http://www.loc.gov/MARC21/slim"><record><leader>00511nam--2200193-i-4500</leader><controlfield tag="001">000030477</controlfield><controlfield tag="002">20161230</controlfield><controlfield tag="005">20161230201038</controlfield><controlfield tag="008">060222s1000------------r-----000-0-rus-d</controlfield><datafield ind1=" " ind2=" " tag="040"><subfield code="a">IFIN-HH</subfield></datafield><datafield ind1=" " ind2=" " tag="041"><subfield code="a">rus</subfield></datafield><datafield ind1=" " ind2=" " tag="080"><subfield code="a">543.422.2:539.143.43</subfield></datafield><datafield ind1="1" ind2=" " tag="100"><subfield code="a">Farrar, Thomas C</subfield></datafield><datafield ind1="1" ind2="0" tag="245"><subfield code="a">Impulsnaia i furie-spektroskopia iamr</subfield><subfield code="c">Thomas c. farrar, edwin d. becker</subfield></datafield><datafield ind1=" " ind2=" " tag="260"><subfield code="a">Moskva</subfield><subfield code="b">Mir</subfield><subfield code="c">1973</subfield></datafield><datafield ind1=" " ind2=" " tag="300"><subfield code="a">164P</subfield></datafield><datafield ind1="1" ind2=" " tag="700"><subfield code="a">Becker, Edwin D</subfield></datafield><datafield ind1=" " ind2=" " tag="852"><subfield code="a">40882</subfield><subfield code="c">539.143.43</subfield></datafield><datafield ind1=" " ind2=" " tag="CAT"><subfield code="a">Sys</subfield><subfield code="c">20120509</subfield><subfield code="h">113011</subfield></datafield></record></collection>